@BOOK{MDA,
	AUTHOR={Jim Arlow and Ila Neustadt},
	TITLE={Enterprise Patterns and MDA: Building Better Software with Archetype Patterns and UML},
	PUBLISHER={Addison-Wesley},
	YEAR=2003
}

@misc{toplink,
note={\url{http://www.oracle.com/technetwork/middleware/toplink/overview/index.html}},
}

@misc{eclipselink,
note={\url{http://www.eclipse.org/eclipselink/}}
}

@misc{hibernate,
note={\url{http://www.hibernate.org/}}
}

@misc{jodatime,
note={\url{http://joda-time.sourceforge.net/}}
}
