@BOOK{MDA,
	AUTHOR={Jim Arlow and Ila Neustadt},
	TITLE={Enterprise Patterns and MDA: Building Better Software with Archetype Patterns and UML},
	PUBLISHER={Addison-Wesley},
	YEAR=2003
}

@misc{toplink,
note={\url{http://www.oracle.com/technetwork/middleware/toplink/overview/index.html}},
}

@misc{eclipselink,
note={\url{http://www.eclipse.org/eclipselink/}}
}

@mist{eclipselink-javadoc,
note={\url{http://www.eclipse.org/eclipselink/api/2.3/index.html}},
}

@misc{hibernate,
note={\url{http://www.hibernate.org/}}
}

@misc{jodatime,
note={\url{http://joda-time.sourceforge.net/}}
}

@misc{spring,
note={\url{http://www.springsource.org/}},
}

@misc{jpa,
note={\url{http://jcp.org/aboutJava/communityprocess/final/jsr317/index.html}},
}

@misc{swing,
note={\url{http://java.sun.com/javase/technologies/desktop/}},
}

@misc{swt,
note={\url{http://www.eclipse.org/swt/}},
}

@misc{checked-exceptions,
author="Anders Hejlsberg and Bill Venners and Bruce Eckel",
title="{The Trouble with Checked Exceptions}",
note={\url{http://www.artima.com/intv/handcuffs.html}},
}

@misc{mvn,
note={\url{http://maven.apache.org/}}
}

@misc{mvr,
note={\url{http://search.maven.org/}}
}
